@inproceedings{ECB,
  title={Edge-oriented convolution block for real-time super resolution on mobile devices},
  author={Zhang, Xindong and Zeng, Hui and Zhang, Lei},
  booktitle={Proceedings of the 29th ACM International Conference on Multimedia},
  pages={4034--4043},
  year={2021}
}

@inproceedings{EDBB,
  title={Edge-enhanced Feature Distillation Network for Efficient Super-Resolution},
  author={Wang, Yan},
  booktitle={Proceedings of the IEEE/CVF Conference on Computer Vision and Pattern Recognition},
  pages={777--785},
  year={2022}
}

@inproceedings{BN,
  title={Batch normalization: Accelerating deep network training by reducing internal covariate shift},
  author={Ioffe, Sergey and Szegedy, Christian},
  booktitle={International conference on machine learning},
  pages={448--456},
  year={2015},
  organization={PMLR}
}

@inproceedings{DBB,
  title={Diverse branch block: Building a convolution as an inception-like unit},
  author={Ding, Xiaohan and Zhang, Xiangyu and Han, Jungong and Ding, Guiguang},
  booktitle={Proceedings of the IEEE/CVF Conference on Computer Vision and Pattern Recognition},
  pages={10886--10895},
  year={2021}
}

@inproceedings{RepVGG,
  title={Repvgg: Making vgg-style convnets great again},
  author={Ding, Xiaohan and Zhang, Xiangyu and Ma, Ningning and Han, Jungong and Ding, Guiguang and Sun, Jian},
  booktitle={Proceedings of the IEEE/CVF Conference on Computer Vision and Pattern Recognition},
  pages={13733--13742},
  year={2021}
}

@inproceedings{ACnet,
  title={Acnet: Strengthening the kernel skeletons for powerful cnn via asymmetric convolution blocks},
  author={Ding, Xiaohan and Guo, Yuchen and Ding, Guiguang and Han, Jungong},
  booktitle={Proceedings of the IEEE/CVF international conference on computer vision},
  pages={1911--1920},
  year={2019}
}

@inproceedings{Dyrep,
  title={DyRep: Bootstrapping Training with Dynamic Re-parameterization},
  author={Huang, Tao and You, Shan and Zhang, Bohan and Du, Yuxuan and Wang, Fei and Qian, Chen and Xu, Chang},
  booktitle={Proceedings of the IEEE/CVF Conference on Computer Vision and Pattern Recognition},
  pages={588--597},
  year={2022}
}

@article{RepBN,
  title={RepSR: Training Efficient VGG-style Super-Resolution Networks with Structural Re-Parameterization and Batch Normalization},
  author={Wang, Xintao and Dong, Chao and Shan, Ying},
  journal={arXiv preprint arXiv:2205.05671},
  year={2022}
}

@inproceedings{EGVSR,
  title={Real-time super-resolution system of 4k-video based on deep learning},
  author={Cao, Yanpeng and Wang, Chengcheng and Song, Changjun and Tang, Yongming and Li, He},
  booktitle={2021 IEEE 32nd International Conference on Application-specific Systems, Architectures and Processors (ASAP)},
  pages={69--76},
  year={2021},
  organization={IEEE}
}

@inproceedings{EDSR,
  title={Enhanced deep residual networks for single image super-resolution},
  author={Lim, Bee and Son, Sanghyun and Kim, Heewon and Nah, Seungjun and Mu Lee, Kyoung},
  booktitle={Proceedings of the IEEE conference on computer vision and pattern recognition workshops},
  pages={136--144},
  year={2017}
}

@inproceedings{XLSR,
  title={Extremely lightweight quantization robust real-time single-image super resolution for mobile devices},
  author={Ayazoglu, Mustafa},
  booktitle={Proceedings of the IEEE/CVF Conference on Computer Vision and Pattern Recognition},
  pages={2472--2479},
  year={2021}
}

@inproceedings{mobile1,
  title={Real-time quantized image super-resolution on mobile npus, mobile ai 2021 challenge: Report},
  author={Ignatov, Andrey and Timofte, Radu and Denna, Maurizio and Younes, Abdel},
  booktitle={Proceedings of the IEEE/CVF Conference on Computer Vision and Pattern Recognition},
  pages={2525--2534},
  year={2021}
}

@inproceedings{mobile2,
  title={Ntire 2017 challenge on single image super-resolution: Dataset and study},
  author={Agustsson, Eirikur and Timofte, Radu},
  booktitle={Proceedings of the IEEE conference on computer vision and pattern recognition workshops},
  pages={126--135},
  year={2017}
}

@inproceedings{mobile3,
  title={Achieving on-mobile real-time super-resolution with neural architecture and pruning search},
  author={Zhan, Zheng and Gong, Yifan and Zhao, Pu and Yuan, Geng and Niu, Wei and Wu, Yushu and Zhang, Tianyun and Jayaweera, Malith and Kaeli, David and Ren, Bin and others},
  booktitle={Proceedings of the IEEE/CVF International Conference on Computer Vision},
  pages={4821--4831},
  year={2021}
}

@inproceedings{Div2K,
  title={Ntire 2017 challenge on single image super-resolution: Methods and results},
  author={Timofte, Radu and Agustsson, Eirikur and Van Gool, Luc and Yang, Ming-Hsuan and Zhang, Lei},
  booktitle={Proceedings of the IEEE conference on computer vision and pattern recognition workshops},
  pages={114--125},
  year={2017}
}

@article{set5,
  title={Low-complexity single-image super-resolution based on nonnegative neighbor embedding},
  author={Bevilacqua, Marco and Roumy, Aline and Guillemot, Christine and Alberi-Morel, Marie Line},
  year={2012},
  publisher={BMVA press}
}

@inproceedings{set14,
  title={On single image scale-up using sparse-representations},
  author={Zeyde, Roman and Elad, Michael and Protter, Matan},
  booktitle={International conference on curves and surfaces},
  pages={711--730},
  year={2010},
  organization={Springer}
}

@inproceedings{urban100,
  title={Single image super-resolution from transformed self-exemplars},
  author={Huang, Jia-Bin and Singh, Abhishek and Ahuja, Narendra},
  booktitle={Proceedings of the IEEE conference on computer vision and pattern recognition},
  pages={5197--5206},
  year={2015}
}

@inproceedings{div8k,
  title={Div8k: Diverse 8k resolution image dataset},
  author={Gu, Shuhang and Lugmayr, Andreas and Danelljan, Martin and Fritsche, Manuel and Lamour, Julien and Timofte, Radu},
  booktitle={2019 IEEE/CVF International Conference on Computer Vision Workshop (ICCVW)},
  pages={3512--3516},
  year={2019},
  organization={IEEE}
}

@article{adam,
  title={Adam: A method for stochastic optimization},
  author={Kingma, Diederik P and Ba, Jimmy},
  journal={arXiv preprint arXiv:1412.6980},
  year={2014}
}

@article{pytorch,
  title={Automatic differentiation in pytorch},
  author={Paszke, Adam and Gross, Sam and Chintala, Soumith and Chanan, Gregory and Yang, Edward and DeVito, Zachary and Lin, Zeming and Desmaison, Alban and Antiga, Luca and Lerer, Adam},
  year={2017}
}

@inproceedings{FSRCNN,
  title={Accelerating the super-resolution convolutional neural network},
  author={Dong, Chao and Loy, Chen Change and Tang, Xiaoou},
  booktitle={European conference on computer vision},
  pages={391--407},
  year={2016},
  organization={Springer}
}

@inproceedings{CARN,
  title={Fast, accurate, and lightweight super-resolution with cascading residual network},
  author={Ahn, Namhyuk and Kang, Byungkon and Sohn, Kyung-Ah},
  booktitle={Proceedings of the European conference on computer vision (ECCV)},
  pages={252--268},
  year={2018}
}

@inproceedings{SMSR,
  title={Exploring sparsity in image super-resolution for efficient inference},
  author={Wang, Longguang and Dong, Xiaoyu and Wang, Yingqian and Ying, Xinyi and Lin, Zaiping and An, Wei and Guo, Yulan},
  booktitle={Proceedings of the IEEE/CVF conference on computer vision and pattern recognition},
  pages={4917--4926},
  year={2021}
}

@inproceedings{ABPN,
  title={Anchor-based plain net for mobile image super-resolution},
  author={Du, Zongcai and Liu, Jie and Tang, Jie and Wu, Gangshan},
  booktitle={Proceedings of the IEEE/CVF Conference on Computer Vision and Pattern Recognition},
  pages={2494--2502},
  year={2021}
}

@inproceedings{CBAM,
  title={Cbam: Convolutional block attention module},
  author={Woo, Sanghyun and Park, Jongchan and Lee, Joon-Young and Kweon, In So},
  booktitle={Proceedings of the European conference on computer vision (ECCV)},
  pages={3--19},
  year={2018}
}

@inproceedings{SRResNet,
  title={Photo-realistic single image super-resolution using a generative adversarial network},
  author={Ledig, Christian and Theis, Lucas and Husz{\'a}r, Ferenc and Caballero, Jose and Cunningham, Andrew and Acosta, Alejandro and Aitken, Andrew and Tejani, Alykhan and Totz, Johannes and Wang, Zehan and others},
  booktitle={Proceedings of the IEEE conference on computer vision and pattern recognition},
  pages={4681--4690},
  year={2017}
}

@inproceedings{RCAN,
  title={Image super-resolution using very deep residual channel attention networks},
  author={Zhang, Yulun and Li, Kunpeng and Li, Kai and Wang, Lichen and Zhong, Bineng and Fu, Yun},
  booktitle={Proceedings of the European conference on computer vision (ECCV)},
  pages={286--301},
  year={2018}
}

@inproceedings{LapSRN,
  title={Deep laplacian pyramid networks for fast and accurate super-resolution},
  author={Lai, Wei-Sheng and Huang, Jia-Bin and Ahuja, Narendra and Yang, Ming-Hsuan},
  booktitle={Proceedings of the IEEE conference on computer vision and pattern recognition},
  pages={624--632},
  year={2017}
}

@article{liu2022cross,
  title={Cross-resolution feature attention network for image super-resolution},
  author={Liu, Anqi and Li, Sumei and Chang, Yongli},
  journal={The Visual Computer},
  pages={1--13},
  year={2022},
  publisher={Springer}
}

@inproceedings{DRRN,
  title={Lightweight image super-resolution with information multi-distillation network},
  author={Hui, Zheng and Gao, Xinbo and Yang, Yunchu and Wang, Xiumei},
  booktitle={Proceedings of the 27th acm international conference on multimedia},
  pages={2024--2032},
  year={2019}
}

@inproceedings{OREPA,
  title={Online Convolutional Re-parameterization},
  author={Hu, Mu and Feng, Junyi and Hua, Jiashen and Lai, Baisheng and Huang, Jianqiang and Gong, Xiaojin and Hua, Xian-Sheng},
  booktitle={Proceedings of the IEEE/CVF Conference on Computer Vision and Pattern Recognition},
  pages={568--577},
  year={2022}
}

@article{lightweight_1,
  title={A lightweight generative adversarial network for single image super-resolution},
  author={Lu, Xinbiao and Xie, Xupeng and Ye, Chunlin and Xing, Hao and Liu, Zecheng and Cai, Changchun},
  journal={The Visual Computer},
  pages={1--12},
  year={2023},
  publisher={Springer}
}

@article{lightweight_2,
  title={HighBoostNet: a deep light-weight image super-resolution network using high-boost residual blocks},
  author={Esmaeilzehi, Alireza and Ma, Lei and Swamy, MNS and Ahmad, M Omair},
  journal={The Visual Computer},
  pages={1--19},
  year={2023},
  publisher={Springer}
}

@article{lightweight_3,
  title={Efficient image super-resolution integration},
  author={Xu, Ke and Wang, Xin and Yang, Xin and He, Shengfeng and Zhang, Qiang and Yin, Baocai and Wei, Xiaopeng and Lau, Rynson WH},
  journal={The Visual Computer},
  volume={34},
  pages={1065--1076},
  year={2018},
  publisher={Springer}
}

@article{yang2021image,
  title={An image super-resolution network based on multi-scale convolution fusion},
  author={Yang, Xin and Zhu, Yitian and Guo, Yingqing and Zhou, Dake},
  journal={The Visual Computer},
  pages={1--11},
  year={2021},
  publisher={Springer}
}

@article{MFFN,
  title={MFFN: image super-resolution via multi-level features fusion network},
  author={Chen, Yuantao and Xia, Runlong and Yang, Kai and Zou, Ke},
  journal={The Visual Computer},
  pages={1--16},
  year={2023},
  publisher={Springer}
}

@article{ARM,
  title={ARM: Any-Time Super-Resolution Method},
  author={Chen, Bohong and Lin, Mingbao and Sheng, Kekai and Zhang, Mengdan and Chen, Peixian and Li, Ke and Cao, Liujuan and Ji, Rongrong},
  journal={arXiv preprint arXiv:2203.10812},
  year={2022}
}

@inproceedings{basicvsr++,
  title={BasicVSR++: Improving video super-resolution with enhanced propagation and alignment},
  author={Chan, Kelvin CK and Zhou, Shangchen and Xu, Xiangyu and Loy, Chen Change},
  booktitle={Proceedings of the IEEE/CVF Conference on Computer Vision and Pattern Recognition},
  pages={5972--5981},
  year={2022}
}

@inproceedings{RealBasicVSR,
  title={Investigating Tradeoffs in Real-World Video Super-Resolution},
  author={Chan, Kelvin CK and Zhou, Shangchen and Xu, Xiangyu and Loy, Chen Change},
  booktitle={Proceedings of the IEEE/CVF Conference on Computer Vision and Pattern Recognition},
  pages={5962--5971},
  year={2022}
}

@article{RepOpt,
  title={Re-parameterizing Your Optimizers rather than Architectures},
  author={Ding, Xiaohan and Chen, Honghao and Zhang, Xiangyu and Huang, Kaiqi and Han, Jungong and Ding, Guiguang},
  journal={arXiv preprint arXiv:2205.15242},
  year={2022}
}